ts_ms,iso,exchange_id,symbol,book_level,raw_nonce,best_bid,best_ask,bid1_price,bid1_size,bid2_price,bid2_size,bid3_price,bid3_size,bid4_price,bid4_size,bid5_price,bid5_size,ask1_price,ask1_size,ask2_price,ask2_size,ask3_price,ask3_size,ask4_price,ask4_size,ask5_price,ask5_size
1755683013773,2025-08-20T09:43:33.773000+00:00,bybit,ETH/USDT:USDT,L2,,4227.4200000000,4227.4300000000,4227.4200000000,57.4900000000,4227.4100000000,3.9900000000,4227.3700000000,0.5300000000,4227.3600000000,0.8000000000,4227.3200000000,0.9800000000,4227.4300000000,44.8100000000,4227.4800000000,0.0200000000,4227.5100000000,0.0100000000,4227.5200000000,0.0300000000,4227.5600000000,0.0200000000
1755683013873,2025-08-20T09:43:33.873000+00:00,bybit,ETH/USDT:USDT,L2,,4227.4200000000,4227.4300000000,4227.4200000000,57.4900000000,4227.4100000000,3.9900000000,4227.3700000000,0.5300000000,4227.3600000000,0.8000000000,4227.3200000000,0.9800000000,4227.4300000000,44.8100000000,4227.4800000000,0.0200000000,4227.5100000000,0.0100000000,4227.5200000000,0.0300000000,4227.5600000000,0.0200000000
1755683013974,2025-08-20T09:43:33.974000+00:00,bybit,ETH/USDT:USDT,L2,,4227.4200000000,4227.4300000000,4227.4200000000,57.4900000000,4227.4100000000,3.9900000000,4227.3700000000,0.5300000000,4227.3600000000,0.8000000000,4227.3200000000,0.9800000000,4227.4300000000,44.7600000000,4227.4800000000,0.0200000000,4227.5100000000,0.0100000000,4227.5200000000,0.0300000000,4227.5600000000,0.0200000000
1755683014073,2025-08-20T09:43:34.073000+00:00,bybit,ETH/USDT:USDT,L2,,4227.4200000000,4227.4300000000,4227.4200000000,57.4900000000,4227.4100000000,3.9900000000,4227.3700000000,0.2500000000,4227.3600000000,0.8000000000,4227.3200000000,0.0200000000,4227.4300000000,44.7600000000,4227.4800000000,0.0200000000,4227.5100000000,0.0100000000,4227.5200000000,0.0300000000,4227.5600000000,0.0200000000
1755683014173,2025-08-20T09:43:34.173000+00:00,bybit,ETH/USDT:USDT,L2,,4227.4200000000,4227.4300000000,4227.4200000000,57.4900000000,4227.4100000000,3.9900000000,4227.3700000000,0.2500000000,4227.3600000000,0.8000000000,4227.3200000000,0.0200000000,4227.4300000000,44.7600000000,4227.4800000000,0.0200000000,4227.5100000000,0.0100000000,4227.5200000000,0.0300000000,4227.5600000000,0.0200000000
1755683014274,2025-08-20T09:43:34.274000+00:00,bybit,ETH/USDT:USDT,L2,,4227.4200000000,4227.4300000000,4227.4200000000,53.2700000000,4227.4100000000,3.9900000000,4227.3700000000,0.2500000000,4227.3600000000,0.8000000000,4227.3200000000,0.0200000000,4227.4300000000,54.5800000000,4227.4800000000,0.0200000000,4227.5100000000,0.0100000000,4227.5200000000,0.0300000000,4227.5600000000,0.0200000000
1755683014774,2025-08-20T09:43:34.774000+00:00,bybit,ETH/USDT:USDT,L2,,4227.4200000000,4227.4300000000,4227.4200000000,28.2200000000,4227.4100000000,3.9900000000,4227.3700000000,0.2500000000,4227.3600000000,0.8000000000,4227.3200000000,0.0200000000,4227.4300000000,53.6500000000,4227.4800000000,0.0200000000,4227.5100000000,0.0100000000,4227.5200000000,0.0300000000,4227.5600000000,0.0200000000
1755683015273,2025-08-20T09:43:35.273000+00:00,bybit,ETH/USDT:USDT,L2,,4227.4200000000,4227.4300000000,4227.4200000000,19.2000000000,4227.4100000000,3.9900000000,4227.3700000000,0.2500000000,4227.3600000000,0.8000000000,4227.3200000000,0.0200000000,4227.4300000000,53.8900000000,4227.4800000000,0.0200000000,4227.5100000000,0.0100000000,4227.5200000000,0.0300000000,4227.5600000000,0.0200000000
1755683015774,2025-08-20T09:43:35.774000+00:00,bybit,ETH/USDT:USDT,L2,,4226.9800000000,4226.9900000000,4226.9800000000,17.3200000000,4226.9400000000,0.0200000000,4226.9200000000,0.0100000000,4226.8900000000,0.0200000000,4226.8800000000,0.1000000000,4226.9900000000,53.5400000000,4227.0000000000,1.2800000000,4227.0400000000,0.0100000000,4227.1000000000,1.2700000000,4227.1200000000,0.0100000000
1755683016273,2025-08-20T09:43:36.273000+00:00,bybit,ETH/USDT:USDT,L2,,4226.9800000000,4226.9900000000,4226.9800000000,6.2200000000,4226.9400000000,0.5000000000,4226.9200000000,0.0100000000,4226.8900000000,0.0200000000,4226.8800000000,0.1000000000,4226.9900000000,50.5800000000,4227.0000000000,1.2800000000,4227.0400000000,0.0100000000,4227.1000000000,1.2700000000,4227.1200000000,6.7300000000
1755683016773,2025-08-20T09:43:36.773000+00:00,bybit,ETH/USDT:USDT,L2,,4226.9800000000,4226.9900000000,4226.9800000000,6.3300000000,4226.9400000000,0.5000000000,4226.9200000000,0.0100000000,4226.8900000000,0.0200000000,4226.8500000000,0.0200000000,4226.9900000000,50.5800000000,4227.0000000000,1.2800000000,4227.0400000000,0.0100000000,4227.0700000000,5.6600000000,4227.1000000000,1.2700000000
1755683331173,2025-08-20T09:48:51.173000+00:00,bybit,ETH/USDT:USDT,L2,,4228.5500000000,4228.5600000000,4228.5500000000,5.2400000000,4228.5400000000,0.0200000000,4228.5000000000,0.0200000000,4228.4800000000,0.0100000000,4228.4700000000,0.0100000000,4228.5600000000,65.6300000000,4228.6000000000,1.2700000000,4228.6200000000,0.0200000000,4228.6800000000,1.8500000000,4228.6900000000,0.0100000000
1755683331273,2025-08-20T09:48:51.273000+00:00,bybit,ETH/USDT:USDT,L2,,4228.5500000000,4228.5600000000,4228.5500000000,12.1900000000,4228.5400000000,0.0200000000,4228.5000000000,0.0200000000,4228.4800000000,0.0100000000,4228.4700000000,0.0100000000,4228.5600000000,65.6300000000,4228.6000000000,1.2700000000,4228.6200000000,0.0200000000,4228.6800000000,1.8500000000,4228.6900000000,0.0100000000
1755683331373,2025-08-20T09:48:51.373000+00:00,bybit,ETH/USDT:USDT,L2,,4228.5500000000,4228.5600000000,4228.5500000000,12.2200000000,4228.5400000000,0.0200000000,4228.5000000000,0.0200000000,4228.4800000000,0.0100000000,4228.4700000000,0.0100000000,4228.5600000000,65.7200000000,4228.6000000000,1.2700000000,4228.6200000000,0.0200000000,4228.6800000000,1.8500000000,4228.6900000000,0.0100000000
1755683331473,2025-08-20T09:48:51.473000+00:00,bybit,ETH/USDT:USDT,L2,,4228.5500000000,4228.5600000000,4228.5500000000,12.1900000000,4228.5400000000,0.0200000000,4228.5000000000,0.0200000000,4228.4800000000,0.0100000000,4228.4700000000,0.0100000000,4228.5600000000,65.7200000000,4228.6000000000,1.2700000000,4228.6200000000,0.0200000000,4228.6800000000,1.8500000000,4228.6900000000,0.0100000000
1755683331573,2025-08-20T09:48:51.573000+00:00,bybit,ETH/USDT:USDT,L2,,4228.5500000000,4228.5600000000,4228.5500000000,12.2200000000,4228.5400000000,0.0200000000,4228.5000000000,0.0200000000,4228.4800000000,0.0100000000,4228.4700000000,0.0100000000,4228.5600000000,65.8300000000,4228.6000000000,1.2700000000,4228.6200000000,0.0200000000,4228.6800000000,1.8500000000,4228.6900000000,0.0100000000
1755683331673,2025-08-20T09:48:51.673000+00:00,bybit,ETH/USDT:USDT,L2,,4228.5500000000,4228.5600000000,4228.5500000000,12.2200000000,4228.5400000000,0.0200000000,4228.5000000000,0.0200000000,4228.4800000000,0.0100000000,4228.4700000000,0.0100000000,4228.5600000000,65.8300000000,4228.6000000000,1.2700000000,4228.6200000000,0.0200000000,4228.6800000000,1.8500000000,4228.6900000000,0.0100000000
1755683331873,2025-08-20T09:48:51.873000+00:00,bybit,ETH/USDT:USDT,L2,,4228.5500000000,4228.5600000000,4228.5500000000,12.2600000000,4228.5400000000,0.0200000000,4228.5000000000,0.0200000000,4228.4800000000,0.0100000000,4228.4700000000,0.0100000000,4228.5600000000,69.5200000000,4228.6000000000,1.2700000000,4228.6200000000,0.0200000000,4228.6800000000,1.8500000000,4228.6900000000,0.0100000000
1755683332174,2025-08-20T09:48:52.174000+00:00,bybit,ETH/USDT:USDT,L2,,4228.5500000000,4228.5600000000,4228.5500000000,23.3300000000,4228.5400000000,0.0200000000,4228.5000000000,0.0200000000,4228.4800000000,0.0100000000,4228.4700000000,0.0100000000,4228.5600000000,69.5200000000,4228.6000000000,1.2700000000,4228.6200000000,0.0200000000,4228.6800000000,1.8500000000,4228.6900000000,0.0100000000
1755683332573,2025-08-20T09:48:52.573000+00:00,bybit,ETH/USDT:USDT,L2,,4228.5500000000,4228.5600000000,4228.5500000000,11.8800000000,4228.5400000000,0.0200000000,4228.5000000000,0.0200000000,4228.4800000000,0.0100000000,4228.4700000000,0.0100000000,4228.5600000000,70.7100000000,4228.6000000000,1.2700000000,4228.6200000000,1.5200000000,4228.6800000000,1.8500000000,4228.6900000000,0.0100000000
1755683332874,2025-08-20T09:48:52.874000+00:00,bybit,ETH/USDT:USDT,L2,,4228.3600000000,4228.3700000000,4228.3600000000,0.3000000000,4228.3300000000,0.0200000000,4228.2900000000,0.5000000000,4228.2500000000,0.0300000000,4228.2200000000,0.0200000000,4228.3700000000,71.1400000000,4228.3800000000,2.6200000000,4228.4000000000,1.2800000000,4228.4100000000,2.1300000000,4228.4500000000,0.0200000000
1755683333173,2025-08-20T09:48:53.173000+00:00,bybit,ETH/USDT:USDT,L2,,4228.3600000000,4228.3700000000,4228.3600000000,0.3000000000,4228.3300000000,0.0200000000,4228.2900000000,0.0200000000,4228.2500000000,0.0300000000,4228.2200000000,0.0200000000,4228.3700000000,65.8200000000,4228.3800000000,2.8600000000,4228.4000000000,1.2800000000,4228.4100000000,2.1300000000,4228.4500000000,0.0200000000
1755683333573,2025-08-20T09:48:53.573000+00:00,bybit,ETH/USDT:USDT,L2,,4228.0000000000,4228.0100000000,4228.0000000000,1.8800000000,4227.9900000000,0.0200000000,4227.9500000000,0.0200000000,4227.9200000000,0.0100000000,4227.9100000000,0.0200000000,4228.0100000000,70.8500000000,4228.0300000000,4.8900000000,4228.0400000000,0.4800000000,4228.0500000000,3.0900000000,4228.1000000000,1.2700000000
1755683333873,2025-08-20T09:48:53.873000+00:00,bybit,ETH/USDT:USDT,L2,,4227.7000000000,4227.7100000000,4227.7000000000,12.7300000000,4227.6600000000,4.7800000000,4227.6500000000,11.8900000000,4227.6400000000,0.5800000000,4227.6100000000,0.0200000000,4227.7100000000,81.8800000000,4227.7500000000,0.0100000000,4227.7700000000,0.0200000000,4227.8000000000,1.2700000000,4227.8200000000,0.0200000000
1755683334174,2025-08-20T09:48:54.174000+00:00,bybit,ETH/USDT:USDT,L2,,4227.6400000000,4227.6500000000,4227.6400000000,27.7400000000,4227.6100000000,8.5400000000,4227.6000000000,4.9200000000,4227.5900000000,0.4800000000,4227.5700000000,2.3800000000,4227.6500000000,42.4700000000,4227.6900000000,0.0200000000,4227.7000000000,1.2700000000,4227.7100000000,2.0000000000,4227.7300000000,0.0200000000
1755683334573,2025-08-20T09:48:54.573000+00:00,bybit,ETH/USDT:USDT,L2,,4227.6400000000,4227.6500000000,4227.6400000000,32.8200000000,4227.6300000000,2.3700000000,4227.6100000000,0.0200000000,4227.6000000000,4.9200000000,4227.5900000000,0.4800000000,4227.6500000000,36.6600000000,4227.6900000000,0.0200000000,4227.7300000000,0.0200000000,4227.7500000000,0.0100000000,4227.7700000000,0.0200000000
1755683334873,2025-08-20T09:48:54.873000+00:00,bybit,ETH/USDT:USDT,L2,,4227.6400000000,4227.6500000000,4227.6400000000,26.5200000000,4227.6300000000,2.3700000000,4227.6100000000,0.0200000000,4227.6000000000,4.9200000000,4227.5900000000,0.4800000000,4227.6500000000,31.1900000000,4227.6900000000,0.0200000000,4227.7300000000,0.0200000000,4227.7500000000,0.0100000000,4227.7700000000,0.0200000000
1755683395573,2025-08-20T09:49:55.573000+00:00,bybit,ETH/USDT:USDT,L2,,4226.0700000000,4226.0800000000,4226.0700000000,29.4600000000,4226.0500000000,0.0200000000,4226.0100000000,0.0200000000,4226.0000000000,731.9200000000,4225.9900000000,0.0300000000,4226.0800000000,3.6600000000,4226.1700000000,0.0200000000,4226.2100000000,0.0200000000,4226.2500000000,0.0200000000,4226.2900000000,0.0200000000
1755683395674,2025-08-20T09:49:55.674000+00:00,bybit,ETH/USDT:USDT,L2,,4226.2400000000,4226.2500000000,4226.2400000000,54.2800000000,4226.2200000000,0.0200000000,4226.1800000000,0.0200000000,4226.1700000000,0.0100000000,4226.1600000000,4.4000000000,4226.2500000000,12.7200000000,4226.2900000000,0.0200000000,4226.3300000000,0.0300000000,4226.3500000000,0.4800000000,4226.3800000000,0.0200000000
1755683395773,2025-08-20T09:49:55.773000+00:00,bybit,ETH/USDT:USDT,L2,,4226.2400000000,4226.2500000000,4226.2400000000,1.7100000000,4226.2200000000,0.0200000000,4226.1800000000,0.0200000000,4226.1700000000,0.0100000000,4226.0700000000,0.0600000000,4226.2500000000,22.0400000000,4226.2900000000,0.0200000000,4226.3000000000,1.2700000000,4226.3300000000,0.0300000000,4226.3500000000,0.4800000000
1755683395874,2025-08-20T09:49:55.874000+00:00,bybit,ETH/USDT:USDT,L2,,4226.2400000000,4226.2500000000,4226.2400000000,0.3200000000,4226.2200000000,0.0200000000,4226.1800000000,0.0200000000,4226.1700000000,0.0100000000,4226.0700000000,0.0600000000,4226.2500000000,49.0500000000,4226.2900000000,0.0200000000,4226.3000000000,3.6400000000,4226.3200000000,0.2300000000,4226.3300000000,0.0300000000
1755683395974,2025-08-20T09:49:55.974000+00:00,bybit,ETH/USDT:USDT,L2,,4226.2400000000,4226.2500000000,4226.2400000000,0.3200000000,4226.2200000000,0.0200000000,4226.1800000000,0.0200000000,4226.1700000000,0.0100000000,4226.0700000000,0.0600000000,4226.2500000000,34.9000000000,4226.2900000000,0.0200000000,4226.3000000000,3.6400000000,4226.3200000000,0.2300000000,4226.3300000000,0.0300000000
1755683396074,2025-08-20T09:49:56.074000+00:00,bybit,ETH/USDT:USDT,L2,,4226.2400000000,4226.2500000000,4226.2400000000,2.1700000000,4226.2200000000,0.0200000000,4226.1800000000,0.0200000000,4226.1700000000,0.0100000000,4226.0700000000,0.0600000000,4226.2500000000,33.9000000000,4226.2900000000,0.0200000000,4226.3000000000,3.6400000000,4226.3200000000,0.2300000000,4226.3300000000,0.0300000000
1755683396174,2025-08-20T09:49:56.174000+00:00,bybit,ETH/USDT:USDT,L2,,4226.2400000000,4226.2500000000,4226.2400000000,9.1700000000,4226.2200000000,0.0200000000,4226.1800000000,0.0200000000,4226.1700000000,0.0100000000,4226.0700000000,0.0600000000,4226.2500000000,33.9300000000,4226.2900000000,0.0200000000,4226.3000000000,3.6400000000,4226.3300000000,0.0300000000,4226.3500000000,0.4800000000
1755683396273,2025-08-20T09:49:56.273000+00:00,bybit,ETH/USDT:USDT,L2,,4226.2400000000,4226.2500000000,4226.2400000000,9.1700000000,4226.2200000000,0.0200000000,4226.1800000000,0.0200000000,4226.1700000000,0.0100000000,4226.0700000000,0.0600000000,4226.2500000000,35.1300000000,4226.2900000000,0.0200000000,4226.3000000000,3.6400000000,4226.3300000000,0.0300000000,4226.3500000000,0.4800000000
1755683396373,2025-08-20T09:49:56.373000+00:00,bybit,ETH/USDT:USDT,L2,,4226.2400000000,4226.2500000000,4226.2400000000,9.1700000000,4226.2200000000,0.0200000000,4226.1800000000,0.0200000000,4226.1700000000,0.0100000000,4226.0700000000,0.0600000000,4226.2500000000,35.1300000000,4226.2900000000,0.0200000000,4226.3000000000,3.6400000000,4226.3300000000,0.0300000000,4226.3500000000,0.4800000000
1755683396573,2025-08-20T09:49:56.573000+00:00,bybit,ETH/USDT:USDT,L2,,4226.2400000000,4226.2500000000,4226.2400000000,9.1700000000,4226.2200000000,0.0200000000,4226.1800000000,0.0200000000,4226.1700000000,0.0100000000,4226.0700000000,0.0600000000,4226.2500000000,35.1300000000,4226.2900000000,0.0200000000,4226.3000000000,3.6400000000,4226.3300000000,0.0300000000,4226.3500000000,0.4800000000
1755683396878,2025-08-20T09:49:56.878000+00:00,bybit,ETH/USDT:USDT,L2,,4225.5100000000,4225.5200000000,4225.5100000000,9.4700000000,4225.2500000000,6.4900000000,4225.2000000000,0.0100000000,4225.1500000000,0.1800000000,4225.0600000000,0.0100000000,4225.5200000000,18.1700000000,4225.5800000000,23.4000000000,4225.6000000000,1.2700000000,4225.6400000000,8.6700000000,4225.6600000000,32.6500000000
1755683397176,2025-08-20T09:49:57.176000+00:00,bybit,ETH/USDT:USDT,L2,,4225.2000000000,4225.2100000000,4225.2000000000,9.4800000000,4225.0500000000,0.0200000000,4225.0000000000,0.0100000000,4224.9200000000,7.8300000000,4224.8900000000,0.0200000000,4225.2100000000,81.8800000000,4225.2800000000,16.0200000000,4225.3000000000,4.7700000000,4225.3100000000,16.0000000000,4225.3200000000,0.0200000000
1755683397576,2025-08-20T09:49:57.576000+00:00,bybit,ETH/USDT:USDT,L2,,4224.6600000000,4224.6700000000,4224.6600000000,0.1000000000,4224.6400000000,0.0100000000,4224.6100000000,0.0100000000,4224.5200000000,7.0900000000,4224.4700000000,0.0200000000,4224.6700000000,47.3700000000,4224.6800000000,16.0200000000,4224.7000000000,17.2700000000,4224.7300000000,16.0200000000,4224.7600000000,3.5000000000
1755683397873,2025-08-20T09:49:57.873000+00:00,bybit,ETH/USDT:USDT,L2,,4224.6600000000,4224.6700000000,4224.6600000000,0.1000000000,4224.6400000000,0.0100000000,4224.6100000000,0.0100000000,4224.5100000000,0.4800000000,4224.4700000000,0.0200000000,4224.6700000000,33.3700000000,4224.6800000000,0.0200000000,4224.7000000000,17.2700000000,4224.7300000000,16.0200000000,4224.7600000000,19.5000000000
1755683398173,2025-08-20T09:49:58.173000+00:00,bybit,ETH/USDT:USDT,L2,,4224.5100000000,4224.5200000000,4224.5100000000,18.5100000000,4224.4900000000,3.6100000000,4224.4800000000,4.7300000000,4224.4700000000,0.0200000000,4224.4600000000,7.0900000000,4224.5200000000,31.0100000000,4224.5600000000,0.0200000000,4224.6000000000,1.2900000000,4224.6400000000,0.0200000000,4224.6700000000,3.6100000000
1755683398573,2025-08-20T09:49:58.573000+00:00,bybit,ETH/USDT:USDT,L2,,4224.5100000000,4224.5200000000,4224.5100000000,41.5800000000,4224.5000000000,1.2700000000,4224.4900000000,3.5500000000,4224.4800000000,4.7300000000,4224.4700000000,0.0200000000,4224.5200000000,9.1900000000,4224.5600000000,0.0200000000,4224.6000000000,0.0200000000,4224.6400000000,0.0200000000,4224.6700000000,2.7600000000
